@Article{rosenblatt58perceptron,
  author =       {Frank Rosenblatt},
  title =        {The Perceptron: A Probabilistic Model for Information Storage and Organization in the Brain},
  journal =      {Psychological Review},
  year =         {1958},
  volume =    {65},
  pages =     {386--408},
  note =      {Reprinted in \emph{Neurocomputing} (MIT Press, 1998)}
}


@Book{mitchell97book,
  author =    {Tom M. Mitchell},
  title =        {Machine Learning},
  publisher =    {McGraw Hill},
  year =         {1997},
}


@InProceedings{brin95nn,
  author =       {Sergey Brin},
  title =        {Near neighbor search in large metric spaces},
  year =      {1995},
  booktitle = {Conference on Very Large Databases (VLDB)}
}
